%% This BibTeX bibliography file was created using BibDesk.
%% http://bibdesk.sourceforge.net/

%% Created for Holger Kinkelin at 2017-05-30 07:56:51 +0200


%% Saved with string encoding Unicode (UTF-8)



@misc{raitenhaslach,
	Author = {2017-05-30},
	Date-Added = {2017-05-30 05:50:36 +0000},
	Date-Modified = {2017-05-30 05:56:23 +0000},
	Howpublished = {Webpage, last visited 2017-05-30},
  Url = {https://www.raitenhaslach.tum.de},
	Title = {{{TUM Science and Study Center Raitenhaslach}}}}

@misc{netapp,
	Date-Added = {2017-05-30 05:48:40 +0000},
	Date-Modified = {2017-05-30 05:54:20 +0000},
  Howpublished = {Webpage, last visited 2017-05-30},
	Url = {http://www.netapp.com/},
	Title = {{{NetApp, Inc.}}}}

@misc{dagstuhl,
	Date-Added = {2017-05-30 05:47:22 +0000},
	Date-Modified = {2017-05-30 05:55:55 +0000},
	Howpublished = {Webpage, last visited 2017-05-30},
	Title = {{{Leibnitz-Zentrum f{\"u}r Informatik Schloss Dagstuhl}}},
	Url = {http://www.dagstuhl.de}}

@inproceedings{mhonda:hotnets:2016,
	Acmid = {3005761},
	Address = {New York, NY, USA},
	Author = {Honda, Michio and Eggert, Lars and Santry, Douglas},
	Booktitle = {Proceedings of the 15th ACM Workshop on Hot Topics in Networks},
	Doi = {10.1145/3005745.3005761},
	Isbn = {978-1-4503-4661-0},
	Location = {Atlanta, GA, USA},
	Numpages = {7},
	Pages = {183--189},
	Publisher = {ACM},
	Series = {HotNets '16},
	Title = {{PASTE: Network Stacks Must Integrate with NVMM Abstractions}},
	Url = {http://doi.acm.org/10.1145/3005745.3005761},
	Year = {2016},
	Bdsk-Url-1 = {http://doi.acm.org/10.1145/3005745.3005761},
	Bdsk-Url-2 = {http://dx.doi.org/10.1145/3005745.3005761}}

@inproceedings{ssonntag:wcnc:2013,
	Author = {Sebastian Sonntag and Lennart Schulte and Jukka Manner},
	Bibsource = {dblp computer science bibliography, http://dblp.org},
	Biburl = {http://dblp.uni-trier.de/rec/bib/conf/wcnc/SonntagSM13},
	Booktitle = {2013 {IEEE} Wireless Communications and Networking Conference (WCNC), Shanghai, Shanghai, China, April 7-10, 2013},
	Crossref = {DBLP:conf/wcnc/2013},
	Doi = {10.1109/WCNC.2013.6555324},
	Pages = {4624--4629},
	Timestamp = {Sun, 28 Jul 2013 18:15:01 +0200},
	Title = {Mobile network measurements - It's not all about signal strength},
	Url = {http://dx.doi.org/10.1109/WCNC.2013.6555324},
	Year = {2013},
	Bdsk-Url-1 = {http://dx.doi.org/10.1109/WCNC.2013.6555324}}

@inproceedings{rmorabito:im:2017,
	Author = {Roberto Morabito and Riccardo Petrolo and Valeria Loscri and Nathalie Mitton and Giuseppe Ruggeri and Antonella Molinaro},
	Booktitle = {International Symposium on Integrated Network Management ({IM})},
	Title = {{Lightweight Virtualization as Enabling Technology for Future Smart Cars}},
	Year = {2017}}

@inproceedings{qscheitle:tma:2017,
	Addres = {Dublin, Ireland},
	Author = {Matthias Wachs and Quirin Scheitle and Georg Carle},
	Booktitle = {Network Traffic Measurement and Analysis Conference (TMA)},
	Month = {June},
	Title = {{Push Away Your Privacy: Precise User Tracking Based on TLS Client Certificate Authentication}},
	Year = {2017}}

@article{dherzog:it:2017,
	Author = {Wolfgang W{\"{o}}rndl and Alexander Hefele and Daniel Herzog},
	Bibsource = {dblp computer science bibliography, http://dblp.org},
	Biburl = {http://dblp.uni-trier.de/rec/bib/journals/jitt/WorndlHH17},
	Doi = {10.1007/s40558-017-0076-5},
	Journal = {J. of {IT} {\&} Tourism},
	Number = {1},
	Pages = {31--54},
	Timestamp = {Fri, 12 May 2017 22:23:57 +0200},
	Title = {Recommending a sequence of interesting places for tourist trips},
	Url = {https://doi.org/10.1007/s40558-017-0076-5},
	Volume = {17},
	Year = {2017},
	Bdsk-Url-1 = {https://doi.org/10.1007/s40558-017-0076-5},
	Bdsk-Url-2 = {http://dx.doi.org/10.1007/s40558-017-0076-5}}

@misc{mir-materials,
	Howpublished = {Presentation Materials: \url{https://www.cm.in.tum.de/en/mir/2017}},
	Note = {[Online; accessed 23-November-2016]},
	Title = {{Munich Internet Research Retreat 2017}}}

@misc{philips,
	Howpublished = {\url{http://boingboing.net/2015/12/14/philips-pushes-lightbulb-firmw.html}},
	Note = {[Online; accessed 25-May-2017]},
	Title = {{Philips pushes lightbulb firmware update that locks out third-party bulbs}}}

@misc{hp,
	Howpublished = {\url{http://boingboing.net/2016/09/19/hp-detonates-its-timebomb-pri.html}},
	Note = {[Online; accessed 25-May-2017]},
	Title = {{HP detonates its timebomb: printers stop accepting third party ink en masse}}}

@misc{mir2017,
	Howpublished = {\url{https://www.cm.in.tum.de/en/mir/2017}},
	Note = {[Online; accessed 23-November-2016]},
	Title = {{Munich Internet Research Retreat 2017}}}

@misc{safecloud,
	Howpublished = {\url{http://www.safecloud-project.eu}},
	Note = {[Online; accessed 03-Feb-2017]},
	Title = {{SafeCloud}}}

@misc{automon,
	Howpublished = {\url{http://automon-projekt.de/en}},
	Note = {[Online; accessed 07-Feb-2017]},
	Title = {{AutoMon -- Automated Performance Monitoring}}}



@inproceedings{hafeez:s3:2015,
	Author = {Ibbad Hafeez and Aaron Yi Ding and Lauri Suomalainen and Seppo H{\"{a}}t{\"{o}}nen and Valtteri Niemi and Sasu Tarkoma},
	Bibsource = {dblp computer science bibliography, http://dblp.org},
	Biburl = {http://dblp.uni-trier.de/rec/bib/conf/mobicom/HafeezDSHNT15},
	Booktitle = {Workshop on Wireless of the Students, by the Students, {\&} for the Students (S3@MobiCom)},
	Crossref = {DBLP:conf/mobicom/2015s3},
	Doi = {10.1145/2801694.2802140},
	Timestamp = {Thu, 10 Dec 2015 17:54:51 +0100},
	Title = {{Demo: Cloud-based Security as a Service for Smart IoT Environments}},
	Url = {http://doi.acm.org/10.1145/2801694.2802140},
	Year = {2015},
	Bdsk-Url-1 = {http://doi.acm.org/10.1145/2801694.2802140},
	Bdsk-Url-2 = {http://dx.doi.org/10.1145/2801694.2802140}}

@article{haus:comst:2017,
	Author = {M. Haus and M. Waqas and A. Y. Ding and Y. Li and S. Tarkoma and J. Ott},
	Doi = {10.1109/COMST.2017.2649687},
	Issn = {1553-877X},
	Journal = {IEEE Communications Surveys Tutorials},
	Keywords = {Ad hoc networks;Device-to-device communication;Machine-to-machine communications;Mobile computing;Privacy;Security;Wireless communication;Device-to-Device (D2D) Communication;Privacy;Security},
	Title = {{Security and Privacy in Device-to-Device (D2D) Communication: A Review}},
	Year = {2017},
	Bdsk-Url-1 = {http://dx.doi.org/10.1109/COMST.2017.2649687}}

@inproceedings{herold:iscs:2016,
	Acmid = {2994545},
	Address = {New York, NY, USA},
	Author = {Herold, Nadine and Kinkelin, Holger and Carle, Georg},
	Booktitle = {ACM Workshop on Information Sharing and Collaborative Security},
	Doi = {10.1145/2994539.2994545},
	Isbn = {978-1-4503-4565-1},
	Keywords = {blackboard pattern, collaborative knowledge sharing, incident handling},
	Location = {Vienna, Austria},
	Numpages = {10},
	Pages = {25--34},
	Publisher = {ACM},
	Series = {WISCS '16},
	Title = {{Collaborative Incident Handling Based on the Blackboard-Pattern}},
	Url = {http://doi.acm.org/10.1145/2994539.2994545},
	Year = {2016},
	Bdsk-Url-1 = {http://doi.acm.org/10.1145/2994539.2994545},
	Bdsk-Url-2 = {http://dx.doi.org/10.1145/2994539.2994545}}

@inproceedings{prehofer:eitec:2016,
	Author = {C. Prehofer and O. Horst and R. Dodi and A. Geven and G. Kornaros and E. Montanari and M. Paolino},
	Booktitle = {International Workshop on Emerging Ideas and Trends in Engineering of Cyber-Physical Systems (EITEC)},
	Doi = {10.1109/EITEC.2016.7503692},
	Keywords = {cyber-physical systems;open systems;safety-critical software;CPS apps;TAPPS;automotive systems;cyberphysical systems;medical systems;open CPS;open systems;safety critical device internals;tool chain;trusted apps platforms;Automotive engineering;Computer architecture;Electronic mail;Hardware;Real-time systems;Security;Vehicles;architecture;cyber-physical-systems;open-source;real-time systems;trusted apps},
	Month = {April},
	Pages = {23-28},
	Title = {{Towards Trusted Apps platforms for open CPS}},
	Year = {2016},
	Bdsk-Url-1 = {http://dx.doi.org/10.1109/EITEC.2016.7503692}}

@inproceedings{vbajpai:networking:2015,
	Author = {Vaibhav Bajpai and J{\"{u}}rgen Sch{\"{o}}nw{\"{a}}lder},
	Bibsource = {dblp computer science bibliography, http://dblp.org},
	Biburl = {http://dblp.uni-trier.de/rec/bib/conf/networking/BajpaiS15},
	Booktitle = {{IFIP} Networking Conference},
	Doi = {10.1109/IFIPNetworking.2015.7145323},
	Note = {\url{http://dx.doi.org/10.1109/IFIPNetworking.2015.7145323}},
	Timestamp = {Tue, 07 Jul 2015 20:10:33 +0200},
	Title = {{IPv4 versus IPv6 - who connects faster?}},
	Url = {http://dx.doi.org/10.1109/IFIPNetworking.2015.7145323},
	Year = {2015},
	Bdsk-Url-1 = {http://dx.doi.org/10.1109/IFIPNetworking.2015.7145323}}

@inproceedings{sahsan:pam:2015,
	Author = {Saba Ahsan and Vaibhav Bajpai and J{\"{o}}rg Ott and J{\"{u}}rgen Sch{\"{o}}nw{\"{a}}lder},
	Bibsource = {dblp computer science bibliography, http://dblp.org},
	Biburl = {http://dblp.uni-trier.de/rec/bib/conf/pam/AhsanBOS15},
	Booktitle = {Passive and Active Measurement Conference ({PAM})},
	Crossref = {DBLP:conf/pam/2015},
	Doi = {10.1007/978-3-319-15509-8_19},
	Timestamp = {Thu, 03 Sep 2015 11:21:30 +0200},
	Title = {{Measuring YouTube from Dual-Stacked Hosts}},
	Url = {http://dx.doi.org/10.1007/978-3-319-15509-8_19},
	Year = {2015},
	Bdsk-Url-1 = {http://dx.doi.org/10.1007/978-3-319-15509-8_19}}

@inproceedings{vbajpai:anrw:2016,
	Acmid = {2959429},
	Address = {New York, NY, USA},
	Author = {Bajpai, Vaibhav and Sch\"{o}nw\"{a}lder, J\"{u}rgen},
	Booktitle = {Applied Networking Research Workshop ({ANRW})},
	Doi = {10.1145/2959424.2959429},
	Isbn = {978-1-4503-4443-2},
	Keywords = {Happy Eyeballs, IPv6, SamKnows},
	Location = {Berlin, Germany},
	Numpages = {7},
	Pages = {38--44},
	Publisher = {ACM},
	Series = {ANRW '16},
	Title = {{Measuring the Effects of Happy Eyeballs}},
	Url = {http://doi.acm.org/10.1145/2959424.2959429},
	Year = {2016},
	Bdsk-Url-1 = {http://doi.acm.org/10.1145/2959424.2959429},
	Bdsk-Url-2 = {http://dx.doi.org/10.1145/2959424.2959429}}

@inproceedings{seravuchira:cnsm:2016,
	Author = {Steffie Jacob Eravuchira and Vaibhav Bajpai and J{\"u}rgen Sch{\"o}nw{\"a}lder and Sam Crawford},
	Booktitle = {Conference on Network and Service Management ({CNSM})},
	Location = {Montreal, Canada},
	Title = {{Measuring Web Similarity from Dual-stacked Hosts}},
	Year = {2016}}

@article{vbajpai:comst:2015,
	Author = {Vaibhav Bajpai and J{\"{u}}rgen Sch{\"{o}}nw{\"{a}}lder},
	Bibsource = {dblp computer science bibliography, http://dblp.org},
	Biburl = {http://dblp.uni-trier.de/rec/bib/journals/comsur/BajpaiS15},
	Doi = {10.1109/COMST.2015.2418435},
	Journal = {{IEEE} Communications Surveys and Tutorials},
	Number = {3},
	Pages = {1313--1341},
	Timestamp = {Wed, 26 Aug 2015 16:23:33 +0200},
	Title = {{A Survey on Internet Performance Measurement Platforms and Related Standardization Efforts}},
	Url = {http://dx.doi.org/10.1109/COMST.2015.2418435},
	Volume = {17},
	Year = {2015},
	Bdsk-Url-1 = {http://dx.doi.org/10.1109/COMST.2015.2418435}}

@techreport{draft-ietf-quic-transport,
	Author = {Janardhan Iyengar and Martin Thomson},
	Days = {14},
	Institution = {Internet Engineering Task Force},
	Month = jan,
	Note = {Work in Progress},
	Number = {draft-ietf-quic-transport-01},
	Publisher = {Internet Engineering Task Force},
	Title = {{QUIC: A UDP-Based Multiplexed and Secure Transport}},
	Type = {Internet-Draft},
	Url = {http://tools.ietf.org/html/draft-ietf-quic-transport-01},
	Year = {2017},
	Bdsk-Url-1 = {http://tools.ietf.org/html/draft-ietf-quic-transport-01}}

@inproceedings{wkellerer:conext:2015,
	Author = {Raphael Durner and Wolfgang Kellerer},
	Booktitle = {CoNEXT Student Workhop},
	Title = {{The cost of Security in the SDN control Plane}},
	Year = {2015}}

@inproceedings{wkellerer:infocom:2016,
	Author = {Wolfgang Kellerer and Arsany Basta and Andreas Blenk},
	Bibsource = {dblp computer science bibliography, http://dblp.org},
	Biburl = {http://dblp.uni-trier.de/rec/bib/conf/infocom/KellererBB16},
	Booktitle = {{IEEE} {INFOCOM} Workshop},
	Crossref = {DBLP:conf/infocom/2016w},
	Doi = {10.1109/INFCOMW.2016.7562114},
	Pages = {423--428},
	Timestamp = {Wed, 14 Sep 2016 10:54:14 +0200},
	Title = {Using a {F}lexibility {M}easure for {N}etwork {D}esign {S}pace {A}nalysis of {SDN} and {NFV}},
	Url = {http://dx.doi.org/10.1109/INFCOMW.2016.7562114},
	Year = {2016},
	Bdsk-Url-1 = {http://dx.doi.org/10.1109/INFCOMW.2016.7562114}}

@techreport{draft-trammell-post-sockets,
	Author = {Brian Trammell and Colin Perkins and Tommy Pauly and Mirja K{\"u}hlewind},
	Days = {27},
	Institution = {Internet Engineering Task Force},
	Month = oct,
	Note = {Work in Progress},
	Number = {draft-trammell-post-sockets-00},
	Publisher = {Internet Engineering Task Force},
	Title = {{Post Sockets, An Abstract Programming Interface for the Transport Layer}},
	Type = {Internet-Draft},
	Url = {http://tools.ietf.org/html/draft-trammell-post-sockets-00},
	Year = {2016},
	Bdsk-Url-1 = {http://tools.ietf.org/html/draft-trammell-post-sockets-00}}

@inproceedings{pemmerich:imc:2015,
	Author = {Paul Emmerich and Sebastian Gallenm{\"{u}}ller and Daniel Raumer and Florian Wohlfart and Georg Carle},
	Bibsource = {dblp computer science bibliography, http://dblp.org},
	Biburl = {http://dblp.uni-trier.de/rec/bib/conf/imc/EmmerichGRWC15},
	Booktitle = {{ACM} Internet Measurement Conference, {IMC}},
	Crossref = {DBLP:conf/imc/2015},
	Doi = {10.1145/2815675.2815692},
	Pages = {275--287},
	Timestamp = {Fri, 30 Oct 2015 07:48:05 +0100},
	Title = {{MoonGen: {A} Scriptable High-Speed Packet Generator}},
	Url = {http://doi.acm.org/10.1145/2815675.2815692},
	Year = {2015},
	Bdsk-Url-1 = {http://doi.acm.org/10.1145/2815675.2815692},
	Bdsk-Url-2 = {http://dx.doi.org/10.1145/2815675.2815692}}

@inproceedings{draumer:anrw:2016,
	Acmid = {2959430},
	Author = {Raumer, Daniel and Gallenm\"{u}ller, Sebastian and Wohlfart, Florian and Emmerich, Paul and Werneck, Patrick and Carle, Georg},
	Booktitle = {Applied Networking Research Workshop ({ANRW})},
	Doi = {10.1145/2959424.2959430},
	Isbn = {978-1-4503-4443-2},
	Keywords = {Benchmarking methodology, RFC 2544},
	Numpages = {7},
	Publisher = {ACM},
	Series = {ANRW '16},
	Title = {{Revisiting Benchmarking Methodology for Interconnect Devices}},
	Url = {http://doi.acm.org/10.1145/2959424.2959430},
	Year = {2016},
	Bdsk-Url-1 = {http://doi.acm.org/10.1145/2959424.2959430},
	Bdsk-Url-2 = {http://dx.doi.org/10.1145/2959424.2959430}}

@article{ablenk:comst:2015,
	Author = {A. Blenk and A. Basta and M. Reisslein and W. Kellerer},
	Doi = {10.1109/COMST.2015.2489183},
	Issn = {1553-877X},
	Journal = {IEEE Communications Surveys Tutorials},
	Keywords = {Network topology;Protocols;Software;Topology;Tutorials;Virtual machine monitors;Virtualization;Centralized hypervisor;Distributed hypervisor;Multi-tenancy;Network attribute abstraction;Network attribute isolation;Network virtualization;Software defined networking},
	Month = {Firstquarter},
	Number = {1},
	Pages = {655-685},
	Title = {{Survey on Network Virtualization Hypervisors for Software Defined Networking}},
	Volume = {18},
	Year = {2016},
	Bdsk-Url-1 = {http://dx.doi.org/10.1109/COMST.2015.2489183}}

@inproceedings{ablenk:im:2015,
	Author = {Andreas Blenk and Arsany Basta and Wolfgang Kellerer},
	Bibsource = {dblp computer science bibliography, http://dblp.org},
	Biburl = {http://dblp.uni-trier.de/rec/bib/conf/im/BlenkBK15},
	Booktitle = {IFIP/IEEE International Symposium on Integrated Network Management ({IM})},
	Crossref = {DBLP:conf/im/2015},
	Doi = {10.1109/INM.2015.7140316},
	Timestamp = {Tue, 07 Jul 2015 13:19:59 +0200},
	Title = {{HyperFlex: An {SDN} Virtualization Architecture with Flexible Hypervisor Function Allocation}},
	Url = {http://dx.doi.org/10.1109/INM.2015.7140316},
	Year = {2015},
	Bdsk-Url-1 = {http://dx.doi.org/10.1109/INM.2015.7140316}}

@inproceedings{kyasukata:atc:2016,
	Author = {Kenichi Yasukata and Michio Honda and Douglas Santry and Lars Eggert},
	Bibsource = {dblp computer science bibliography, http://dblp.org},
	Biburl = {http://dblp.uni-trier.de/rec/bib/conf/usenix/YasukataHSE16},
	Booktitle = {{USENIX} Annual Technical Conference ({USENIX ATC})},
	Crossref = {DBLP:conf/usenix/2016},
	Pages = {43--56},
	Timestamp = {Fri, 08 Jul 2016 13:33:39 +0200},
	Title = {{StackMap: Low-Latency Networking with the {OS} Stack and Dedicated NICs}},
	Url = {https://www.usenix.org/conference/atc16/technical-sessions/presentation/yasukata},
	Year = {2016},
	Bdsk-Url-1 = {https://www.usenix.org/conference/atc16/technical-sessions/presentation/yasukata}}

@inproceedings{ilearmonth:anrw:2016,
	Acmid = {2959441},
	Author = {Learmonth, Iain R. and Trammell, Brian and K{\"u}hlewind, Mirja and Fairhurst, Gorry},
	Booktitle = {Applied Networking Research Workshop ({ANRW})},
	Doi = {10.1145/2959424.2959441},
	Isbn = {978-1-4503-4443-2},
	Keywords = {active network measurement, measurement tools, network experimentation, path transparency, transport protocol features},
	Numpages = {3},
	Pages = {62--64},
	Publisher = {ACM},
	Series = {ANRW '16},
	Title = {{PATHspider: A Tool for Active Measurement of Path Transparency}},
	Url = {http://doi.acm.org/10.1145/2959424.2959441},
	Year = {2016},
	Bdsk-Url-1 = {http://doi.acm.org/10.1145/2959424.2959441},
	Bdsk-Url-2 = {http://dx.doi.org/10.1145/2959424.2959441}}

@misc{rfc7540,
	Author = {M. Belshe and R. Peon and M. Thomson},
	Howpublished = {RFC 7540 (Proposed Standard)},
	Month = may,
	Number = {7540},
	Organization = {Internet Engineering Task Force},
	Publisher = {IETF},
	Series = {Request for Comments},
	Title = {{Hypertext Transfer Protocol Version 2 (HTTP/2)}},
	Url = {http://www.ietf.org/rfc/rfc7540.txt},
	Year = 2015,
	Bdsk-Url-1 = {http://www.ietf.org/rfc/rfc7540.txt}}

@article{qscheitle:arxiv:2016,
	Author = {Quirin Scheitle and Oliver Gasser and Minoo Rouhi and Georg Carle},
	Bibsource = {dblp computer science bibliography, http://dblp.org},
	Biburl = {http://dblp.uni-trier.de/rec/bib/journals/corr/ScheitleGRC16},
	Journal = {CoRR},
	Timestamp = {Wed, 02 Nov 2016 09:51:26 +0100},
	Title = {{Large-Scale Classification of IPv4-IPv6 Siblings with Nonlinear Clock Skew}},
	Url = {http://arxiv.org/abs/1610.07251},
	Volume = {abs/1610.07251},
	Year = {2016},
	Bdsk-Url-1 = {http://arxiv.org/abs/1610.07251}}

@article{pnikander:comst:2010,
	Author = {Pekka Nikander and Andrei V. Gurtov and Thomas R. Henderson},
	Bibsource = {dblp computer science bibliography, http://dblp.org},
	Biburl = {http://dblp.uni-trier.de/rec/bib/journals/comsur/NikanderGH10},
	Doi = {10.1109/SURV.2010.021110.00070},
	Journal = {{IEEE} Communications Surveys and Tutorials},
	Number = {2},
	Pages = {186--204},
	Timestamp = {Wed, 11 May 2016 19:30:01 +0200},
	Title = {{Host Identity Protocol {(HIP):} Connectivity, Mobility, Multi-Homing, Security, and Privacy over IPv4 and IPv6 Networks}},
	Url = {http://dx.doi.org/10.1109/SURV.2010.021110.00070},
	Volume = {12},
	Year = {2010},
	Bdsk-Url-1 = {http://dx.doi.org/10.1109/SURV.2010.021110.00070}}

@misc{rfc4960,
	Author = {R. Stewart},
	Howpublished = {RFC 4960},
	Month = sep,
	Note = {Updated by RFCs 6096, 6335, 7053},
	Number = {4960},
	Organization = {Internet Engineering Task Force},
	Publisher = {IETF},
	Series = {Request for Comments},
	Title = {{Stream Control Transmission Protocol}},
	Url = {http://www.ietf.org/rfc/rfc4960.txt},
	Year = 2007,
	Bdsk-Url-1 = {http://www.ietf.org/rfc/rfc4960.txt}}

@techreport{draft-iab-protocol-transitions,
	Author = {Dave Thaler},
	Days = {04},
	Institution = {Internet Engineering Task Force},
	Month = jan,
	Note = {Work in Progress},
	Number = {draft-iab-protocol-transitions-05},
	Publisher = {Internet Engineering Task Force},
	Title = {{Out With the Old and In With the New: Planning for Protocol Transitions}},
	Type = {Internet-Draft},
	Url = {http://tools.ietf.org/html/draft-iab-protocol-transitions-05},
	Year = {2017},
	Bdsk-Url-1 = {http://tools.ietf.org/html/draft-iab-protocol-transitions-05}}

@inproceedings{sgallenmuller:ancs:2015,
	Acmid = {2772729},
	Address = {Washington, DC, USA},
	Author = {Sebastian Gallenm{\"{u}}ller and Paul Emmerich and Florian Wohlfart and Daniel Raumer and Georg Carle},
	Bibsource = {dblp computer science bibliography, http://dblp.org},
	Biburl = {http://dblp.uni-trier.de/rec/bib/conf/ancs/GallenmullerEWR15},
	Booktitle = {{ACM/IEEE Symposium on Architectures for Networking and Communications Systems (ANCS 2015)}},
	Crossref = {DBLP:conf/ancs/2015},
	Doi = {10.1109/ANCS.2015.7110118},
	Isbn = {978-1-4673-6632-8},
	Keywords = {dpdk, netmap, performance measurement, pf_ring zc, software packet processing},
	Location = {Oakland, California, USA},
	Numpages = {10},
	Pages = {29--38},
	Publisher = {IEEE Computer Society},
	Series = {ANCS '15},
	Timestamp = {Wed, 27 Apr 2016 17:41:15 +0200},
	Title = {Comparison of {F}rameworks for {H}igh-{P}erformance {P}acket {IO}},
	Url = {http://dx.doi.org/10.1109/ANCS.2015.7110118},
	Year = {2015},
	Bdsk-Url-1 = {http://dx.doi.org/10.1109/ANCS.2015.7110118}}

@inproceedings{draumer:cloudnet:2016,
	Author = {Daniel Raumer and Sebastian Gallenm{\"{u}}ller and Paul Emmerich and Lukas Mardian and Georg Carle},
	Bibsource = {dblp computer science bibliography, http://dblp.org},
	Biburl = {http://dblp.uni-trier.de/rec/bib/conf/cloudnet/RaumerGEMC16},
	Booktitle = {IEEE International Conference on Cloud Networking (Cloudnet)},
	Crossref = {DBLP:conf/cloudnet/2016},
	Doi = {10.1109/CloudNet.2016.25},
	Pages = {164--169},
	Timestamp = {Tue, 13 Dec 2016 13:13:10 +0100},
	Title = {{Efficient Serving of {VPN} Endpoints on {COTS} Server Hardware}},
	Url = {http://dx.doi.org/10.1109/CloudNet.2016.25},
	Year = {2016},
	Bdsk-Url-1 = {http://dx.doi.org/10.1109/CloudNet.2016.25}}

@inproceedings{dsel:mcsp:2016,
	Author = {Daniel Sel and Sree Harsha Totakura and Georg Carle},
	Bibsource = {dblp computer science bibliography, http://dblp.org},
	Biburl = {http://dblp.uni-trier.de/rec/bib/conf/srds/SelTC16},
	Booktitle = {{IEEE} Symposium on Reliable Distributed Systems Workshops ({SRDSW})},
	Crossref = {DBLP:conf/srds/2016w},
	Doi = {10.1109/SRDSW.2016.11},
	Timestamp = {Mon, 02 Jan 2017 15:41:12 +0100},
	Title = {{sKnock: Port-Knocking for Masses}},
	Url = {http://dx.doi.org/10.1109/SRDSW.2016.11},
	Year = {2016},
	Bdsk-Url-1 = {http://dx.doi.org/10.1109/SRDSW.2016.11}}

@inproceedings{ablenk:cnsm:2016,
	Author = {Andreas Blenk and Patrick Kalmbach and Patrick van der Smagt and Wolfgang Kellerer},
	Bibsource = {dblp computer science bibliography, http://dblp.org},
	Biburl = {http://dblp.uni-trier.de/rec/bib/conf/cnsm/BlenkKSK16},
	Booktitle = {Conference on Network and Service Management ({CNSM})},
	Crossref = {DBLP:conf/cnsm/2016},
	Doi = {10.1109/CNSM.2016.7818395},
	Pages = {10--18},
	Timestamp = {Mon, 23 Jan 2017 15:04:39 +0100},
	Title = {{Boost Online Virtual Network Embedding: Using Neural Networks for Admission Control}},
	Url = {http://dx.doi.org/10.1109/CNSM.2016.7818395},
	Year = {2016},
	Bdsk-Url-1 = {http://dx.doi.org/10.1109/CNSM.2016.7818395}}

@article{ablenk:comst:2016,
	Author = {Andreas Blenk and Arsany Basta and Martin Reisslein and Wolfgang Kellerer},
	Bibsource = {dblp computer science bibliography, http://dblp.org},
	Biburl = {http://dblp.uni-trier.de/rec/bib/journals/comsur/BlenkBRK16},
	Doi = {10.1109/COMST.2015.2489183},
	Journal = {{IEEE} Communications Surveys and Tutorials},
	Number = {1},
	Pages = {655--685},
	Timestamp = {Wed, 03 Feb 2016 18:18:55 +0100},
	Title = {{Survey on Network Virtualization Hypervisors for Software Defined Networking}},
	Url = {http://dx.doi.org/10.1109/COMST.2015.2489183},
	Volume = {18},
	Year = {2016},
	Bdsk-Url-1 = {http://dx.doi.org/10.1109/COMST.2015.2489183}}

@inproceedings{abasta:cnsm:2015,
	Author = {Arsany Basta and Andreas Blenk and Hassib Belhaj Hassine and Wolfgang Kellerer},
	Bibsource = {dblp computer science bibliography, http://dblp.org},
	Biburl = {http://dblp.uni-trier.de/rec/bib/conf/cnsm/BastaBHK15},
	Booktitle = {Conference on Network and Service Management ({CNSM})},
	Crossref = {DBLP:conf/cnsm/2015},
	Doi = {10.1109/CNSM.2015.7367382},
	Pages = {354--359},
	Timestamp = {Fri, 08 Jan 2016 13:18:01 +0100},
	Title = {{Towards a dynamic {SDN} virtualization layer: Control path migration protocol}},
	Url = {http://dx.doi.org/10.1109/CNSM.2015.7367382},
	Year = {2015},
	Bdsk-Url-1 = {http://dx.doi.org/10.1109/CNSM.2015.7367382}}

@article{ablenk:tnsm:2016,
	Author = {Andreas Blenk and Arsany Basta and Johannes Zerwas and Martin Reisslein and Wolfgang Kellerer},
	Bibsource = {dblp computer science bibliography, http://dblp.org},
	Biburl = {http://dblp.uni-trier.de/rec/bib/journals/tnsm/BlenkBZRK16},
	Doi = {10.1109/TNSM.2016.2587900},
	Issn = {1932-4537},
	Journal = {{IEEE} Trans. Network and Service Management},
	Month = {Sept},
	Number = {3},
	Pages = {366--380},
	Timestamp = {Thu, 06 Oct 2016 15:38:34 +0200},
	Title = {{Control Plane Latency With {SDN} Network Hypervisors: The Cost of Virtualization}},
	Url = {http://dx.doi.org/10.1109/TNSM.2016.2587900},
	Volume = {13},
	Year = {2016},
	Bdsk-Url-1 = {http://dx.doi.org/10.1109/TNSM.2016.2587900}}

@inproceedings{abasta:im:2015,
	Author = {Arsany Basta and Andreas Blenk and Yu{-}Ting Lai and Wolfgang Kellerer},
	Bibsource = {dblp computer science bibliography, http://dblp.org},
	Biburl = {http://dblp.uni-trier.de/rec/bib/conf/im/BastaBLK15},
	Booktitle = {International Symposium on Integrated Network Management ({IM})},
	Crossref = {DBLP:conf/im/2015},
	Doi = {10.1109/INM.2015.7140460},
	Timestamp = {Tue, 07 Jul 2015 13:19:59 +0200},
	Title = {{HyperFlex: Demonstrating Control-Plane Isolation for Virtual Software-Defined Networks}},
	Url = {http://dx.doi.org/10.1109/INM.2015.7140460},
	Year = {2015},
	Bdsk-Url-1 = {http://dx.doi.org/10.1109/INM.2015.7140460}}

@article{lschiff:ccr:2016,
	Author = {Liron Schiff and Stefan Schmid and Petr Kuznetsov},
	Bibsource = {dblp computer science bibliography, http://dblp.org},
	Biburl = {http://dblp.uni-trier.de/rec/bib/journals/ccr/SchiffSK16},
	Doi = {10.1145/2875951.2875957},
	Journal = {Computer Communication Review},
	Number = {1},
	Pages = {37--43},
	Timestamp = {Mon, 01 Feb 2016 12:13:48 +0100},
	Title = {{In-Band Synchronization for Distributed {SDN} Control Planes}},
	Url = {http://doi.acm.org/10.1145/2875951.2875957},
	Volume = {46},
	Year = {2016},
	Bdsk-Url-1 = {http://doi.acm.org/10.1145/2875951.2875957},
	Bdsk-Url-2 = {http://dx.doi.org/10.1145/2875951.2875957}}

@inproceedings{yliu:icc:2015,
	Author = {Yalin Liu and Artur Hecker and Riccardo Guerzoni and Zoran Despotovic and Sergio Beker},
	Bibsource = {dblp computer science bibliography, http://dblp.org},
	Biburl = {http://dblp.uni-trier.de/rec/bib/conf/icc/LiuHGDB15},
	Booktitle = {{IEEE} International Conference on Communications ({ICC})},
	Crossref = {DBLP:conf/icc/2015},
	Doi = {10.1109/ICC.2015.7249178},
	Timestamp = {Mon, 14 Sep 2015 14:40:28 +0200},
	Title = {On optimal hierarchical {SDN}},
	Url = {http://dx.doi.org/10.1109/ICC.2015.7249178},
	Year = {2015},
	Bdsk-Url-1 = {http://dx.doi.org/10.1109/ICC.2015.7249178}}

@inproceedings{lschiff:dsn:2016,
	Author = {Liron Schiff and Stefan Schmid and Marco Canini},
	Bibsource = {dblp computer science bibliography, http://dblp.org},
	Biburl = {http://dblp.uni-trier.de/rec/bib/conf/dsn/SchiffSC16},
	Booktitle = {46th Annual {IEEE/IFIP} International Conference on Dependable Systems and Networks Workshops},
	Crossref = {DBLP:conf/dsn/2016w},
	Doi = {10.1109/DSN-W.2016.48},
	Pages = {90--96},
	Timestamp = {Tue, 11 Oct 2016 14:33:45 +0200},
	Title = {{Ground Control to Major Faults: Towards a Fault Tolerant and Adaptive {SDN} Control Network}},
	Url = {http://dx.doi.org/10.1109/DSN-W.2016.48},
	Year = {2016},
	Bdsk-Url-1 = {http://dx.doi.org/10.1109/DSN-W.2016.48}}

@inproceedings{mms,
	Address = {Heraklion, Greece},
	Author = {Scheitle, Quirin and Wachs, Matthias and Zirngibl, Johannes and Carle, Georg},
	Booktitle = {Passive and Active Measurements Conference (PAM) 2016},
	Month = {mar},
	Title = {Analyzing Locality of Mobile Messaging Traffic using the MATAdOR Framework},
	Year = {2016}}

@inproceedings{ipv6hitlist,
	Address = {Louvain-la-Neuve, Belgium},
	Author = {Gasser, Oliver and Scheitle, Quirin and Gebhard, Sebastian and Carle, Georg},
	Booktitle = {Proc. 8th Int. Workshop on Traffic Monitoring and Analysis},
	Title = {Scanning the IPv6 Internet: Towards a Comprehensive Hitlist},
	Year = {2016}}

@inproceedings{glra,
	Address = {Dublin, Ireland},
	Author = {Scheitle, Quirin and Gasser, Oliver and Sattler, Patrick and Carle, Georg},
	Booktitle = {Network Traffic Measurement and Analysis Conference (TMA)},
	Title = {HLOC: Hints-Based Geolocation Leveraging Multiple Measurement Frameworks},
	Year = {2017}}

@inproceedings{mms,
	Address = {Heraklion, Greece},
	Author = {Scheitle, Quirin and Wachs, Matthias and Zirngibl, Johannes and Carle, Georg},
	Booktitle = {Passive and Active Measurements Conference (PAM) 2016},
	Month = {mar},
	Title = {Analyzing Locality of Mobile Messaging Traffic using the MATAdOR Framework},
	Year = {2016}}

@inproceedings{ipv6hitlist,
	Address = {Louvain-la-Neuve, Belgium},
	Author = {Gasser, Oliver and Scheitle, Quirin and Gebhard, Sebastian and Carle, Georg},
	Booktitle = {Proc. 8th Int. Workshop on Traffic Monitoring and Analysis},
	Title = {Scanning the IPv6 Internet: Towards a Comprehensive Hitlist},
	Year = {2016}}

@inproceedings{glra,
	Address = {Dublin, Ireland},
	Author = {Scheitle, Quirin and Gasser, Oliver and Sattler, Patrick and Carle, Georg},
	Booktitle = {Network Traffic Measurement and Analysis Conference (TMA)},
	Title = {HLOC: Hints-Based Geolocation Leveraging Multiple Measurement Frameworks},
	Year = {2017}}

@inproceedings{fbai:infocom:2003,
	Author = {Fan Bai and Narayanan Sadagopan and Ahmed Helmy},
	Bibsource = {dblp computer science bibliography, http://dblp.org},
	Biburl = {http://dblp.uni-trier.de/rec/bib/conf/infocom/BaiSH03},
	Booktitle = {Proceedings {IEEE} {INFOCOM} 2003, The 22nd Annual Joint Conference of the {IEEE} Computer and Communications Societies, San Franciso, CA, USA, March 30 - April 3, 2003},
	Crossref = {DBLP:conf/infocom/2003},
	Doi = {10.1109/INFCOM.2003.1208920},
	Pages = {825--835},
	Timestamp = {Tue, 16 May 2017 16:26:33 +0200},
	Title = {{IMPORTANT:} {A} framework to systematically analyze the Impact of Mobility on Performance of RouTing protocols for Adhoc NeTworks},
	Url = {https://doi.org/10.1109/INFCOM.2003.1208920},
	Year = {2003},
	Bdsk-Url-1 = {https://doi.org/10.1109/INFCOM.2003.1208920},
	Bdsk-Url-2 = {http://dx.doi.org/10.1109/INFCOM.2003.1208920}}

@article{pbosshart:ccr:2014,
	Author = {Pat Bosshart and Dan Daly and Glen Gibb and Martin Izzard and Nick McKeown and Jennifer Rexford and Cole Schlesinger and Dan Talayco and Amin Vahdat and George Varghese and David Walker},
	Bibsource = {dblp computer science bibliography, http://dblp.org},
	Biburl = {http://dblp.uni-trier.de/rec/bib/journals/ccr/BosshartDGIMRSTVVW14},
	Doi = {10.1145/2656877.2656890},
	Journal = {Computer Communication Review},
	Number = {3},
	Pages = {87--95},
	Timestamp = {Thu, 04 Sep 2014 13:19:51 +0200},
	Title = {{P4:} programming protocol-independent packet processors},
	Url = {http://doi.acm.org/10.1145/2656877.2656890},
	Volume = {44},
	Year = {2014},
	Bdsk-Url-1 = {http://doi.acm.org/10.1145/2656877.2656890},
	Bdsk-Url-2 = {http://dx.doi.org/10.1145/2656877.2656890}}

@inproceedings{abhashkumar:sosr:2017,
	Author = {Anubhavnidhi Abhashkumar and Jeongkeun Lee and Jean Tourrilhes and Sujata Banerjee and Wenfei Wu and Joon{-}Myung Kang and Aditya Akella},
	Bibsource = {dblp computer science bibliography, http://dblp.org},
	Biburl = {http://dblp2.uni-trier.de/rec/bib/conf/sosr/AbhashkumarLTBW17},
	Booktitle = {Proceedings of the Symposium on {SDN} Research, {SOSR} 2017, Santa Clara, CA, USA, April 3-4, 2017},
	Crossref = {DBLP:conf/sosr/2017},
	Doi = {10.1145/3050220.3050235},
	Pages = {136--142},
	Timestamp = {Mon, 24 Apr 2017 17:56:41 +0200},
	Title = {{P5:} Policy-driven optimization of {P4} pipeline},
	Url = {http://doi.acm.org/10.1145/3050220.3050235},
	Year = {2017},
	Bdsk-Url-1 = {http://doi.acm.org/10.1145/3050220.3050235},
	Bdsk-Url-2 = {http://dx.doi.org/10.1145/3050220.3050235}}

@inproceedings{mhonda:usenix:2016,
	Author = {Kenichi Yasukata and Michio Honda and Douglas Santry and Lars Eggert},
	Bibsource = {dblp computer science bibliography, http://dblp.org},
	Biburl = {http://dblp.uni-trier.de/rec/bib/conf/usenix/YasukataHSE16},
	Booktitle = {2016 {USENIX} Annual Technical Conference, {USENIX} {ATC} 2016, Denver, CO, USA, June 22-24, 2016.},
	Crossref = {DBLP:conf/usenix/2016},
	Pages = {43--56},
	Timestamp = {Fri, 08 Jul 2016 13:33:39 +0200},
	Title = {StackMap: Low-Latency Networking with the {OS} Stack and Dedicated NICs},
	Url = {https://www.usenix.org/conference/atc16/technical-sessions/presentation/yasukata},
	Year = {2016},
	Bdsk-Url-1 = {https://www.usenix.org/conference/atc16/technical-sessions/presentation/yasukata}}

@inproceedings{lrizzo:usenix:2012,
	Author = {Luigi Rizzo},
	Bibsource = {dblp computer science bibliography, http://dblp.org},
	Biburl = {http://dblp.uni-trier.de/rec/bib/conf/usenix/Rizzo12},
	Booktitle = {2012 {USENIX} Annual Technical Conference, Boston, MA, USA, June 13-15, 2012},
	Crossref = {DBLP:conf/usenix/2012},
	Pages = {101--112},
	Timestamp = {Mon, 19 May 2014 07:40:42 +0200},
	Title = {netmap: {A} Novel Framework for Fast Packet {I/O}},
	Url = {https://www.usenix.org/conference/usenixsecurity12/technical-sessions/presentation/rizzo},
	Year = {2012},
	Bdsk-Url-1 = {https://www.usenix.org/conference/usenixsecurity12/technical-sessions/presentation/rizzo}}

@phdthesis{burkhart2011thesis,
	Author = {Martin Burkhart},
	School = {ETH Zurich},
	Title = {Enabling Collaborative Network Security with Privacy-Preserving Data Aggregation},
	Year = {2011}}

@inproceedings{qscheitle:reproducibility:2017,
	Author = {Quirin Scheitle and Matthias W{\"a}hlisch and Oliver Gasser and Thomas Schmidt and Georg Carle},
	Booktitle = {ACM SIGCOMM Reproducibility Workshop},
	Title = {Towards an Ecosystem for Reproducible Research in Computer Networking},
	Year = {2017}}

@inproceedings{vbajpai:reproducibility:2017,
	Author = {Vaibhav Bajpai and Mirja K{\"u}hlewind and J{\"o}rg Ott and J{\"u}rgen Sch{\"o}nw{\"a}lder and Anna Sperotto and Brian Trammell},
	Booktitle = {ACM SIGCOMM Reproducibility Workshop},
	Title = {Challenges with Reproducibility},
	Year = {2017}}

@inproceedings{cozzolino:hotconnet:2017,
	Author = {Vittorio Cozzolino and Aaron Yi Ding and J{\"o}rg Ott},
	Booktitle = {ACM SIGCOMM HotConNet Workshop},
	Title = {FADES: Fine-Grained Edge Offloading with Unikernels},
	Year = {2017}}

@inproceedings{hafeez:can:2016,
	Author = {Hafeez, Ibbad and Ding, Aaron Yi and Suomalainen, Lauri and Kirichenko, Alexey and Tarkoma, Sasu},
	Booktitle = {ACM Workshop on Cloud-Assisted Networking ({CAN})},
	Doi = {10.1145/3010079.3012014},
	Isbn = {978-1-4503-4673-3},
	Publisher = {ACM},
	Series = {CoNEXT CAN '16},
	Title = {{Securebox: Toward Safer and Smarter IoT Networks}},
	Url = {http://dx.doi.org/10.1145/3010079.3012014},
	Year = {2016}}