@misc{mir-materials,
  title = {{Munich Internet Research Retreat 2016}},
  howpublished = "Presentation Materials: \url{https://www.cm.in.tum.de/en/mir}",
  note = "[Online; accessed 23-November-2016]"
}

@misc{safecloud,
  title = {{SafeCloud}},
  howpublished = "\url{http://www.safecloud-project.eu}",
  note = "[Online; accessed 03-Feb-2017]"
}

@misc{automon,
  title = {{AutoMon -- Automated Performance Monitoring}},
  howpublished = "\url{http://automon-projekt.de/en}",
  note = "[Online; accessed 07-Feb-2017]"
}

@inproceedings{hafeez:can:2016,
 author = {Hafeez, Ibbad and Ding, Aaron Yi and Suomalainen, Lauri and Kirichenko, Alexey and Tarkoma, Sasu},
 title = {{Securebox: Toward Safer and Smarter IoT Networks}},
 booktitle = {ACM Workshop on Cloud-Assisted Networking ({CAN})},
 series = {CoNEXT CAN '16},
 year = {2016},
 isbn = {978-1-4503-4673-3},
 url = {http://dx.doi.org/10.1145/3010079.3012014},
 doi = {10.1145/3010079.3012014},
 publisher = {ACM},
}

@inproceedings{hafeez:s3:2015,
  author    = {Ibbad Hafeez and
               Aaron Yi Ding and
               Lauri Suomalainen and
               Seppo H{\"{a}}t{\"{o}}nen and
               Valtteri Niemi and
               Sasu Tarkoma},
  title     = {{Demo: Cloud-based Security as a Service for Smart IoT Environments}},
  booktitle = {Workshop on Wireless of the Students, by the Students, {\&} for
               the Students (S3@MobiCom)},
  year      = {2015},
  crossref  = {DBLP:conf/mobicom/2015s3},
  url       = {http://doi.acm.org/10.1145/2801694.2802140},
  doi       = {10.1145/2801694.2802140},
  timestamp = {Thu, 10 Dec 2015 17:54:51 +0100},
  biburl    = {http://dblp.uni-trier.de/rec/bib/conf/mobicom/HafeezDSHNT15},
  bibsource = {dblp computer science bibliography, http://dblp.org}
}

@ARTICLE{haus:comst:2017,
author={M. Haus and M. Waqas and A. Y. Ding and Y. Li and S. Tarkoma and J. Ott},
journal={IEEE Communications Surveys Tutorials},
title={{Security and Privacy in Device-to-Device (D2D) Communication: A Review}},
year={2017},
keywords={Ad hoc networks;Device-to-device communication;Machine-to-machine communications;Mobile computing;Privacy;Security;Wireless communication;Device-to-Device (D2D) Communication;Privacy;Security},
doi={10.1109/COMST.2017.2649687},
ISSN={1553-877X},
}

@InProceedings{herold:iscs:2016,
  author    = {Herold, Nadine and Kinkelin, Holger and Carle, Georg},
  title     = {{Collaborative Incident Handling Based on the Blackboard-Pattern}},
  booktitle = {ACM Workshop on Information Sharing and Collaborative Security},
  year      = {2016},
  series    = {WISCS '16},
  pages     = {25--34},
  address   = {New York, NY, USA},
  publisher = {ACM},
  acmid     = {2994545},
  doi       = {10.1145/2994539.2994545},
  isbn      = {978-1-4503-4565-1},
  keywords  = {blackboard pattern, collaborative knowledge sharing, incident handling},
  location  = {Vienna, Austria},
  numpages  = {10},
  url       = {http://doi.acm.org/10.1145/2994539.2994545},
}

@InProceedings{prehofer:eitec:2016,
  author    = {C. Prehofer and O. Horst and R. Dodi and A. Geven and G. Kornaros and E. Montanari and M. Paolino},
  title     = {{Towards Trusted Apps platforms for open CPS}},
  booktitle = {International Workshop on Emerging Ideas and Trends in Engineering of Cyber-Physical Systems (EITEC)},
  year      = {2016},
  pages     = {23-28},
  month     = {April},
  doi       = {10.1109/EITEC.2016.7503692},
  keywords  = {cyber-physical systems;open systems;safety-critical software;CPS apps;TAPPS;automotive systems;cyberphysical systems;medical systems;open CPS;open systems;safety critical device internals;tool chain;trusted apps platforms;Automotive engineering;Computer architecture;Electronic mail;Hardware;Real-time systems;Security;Vehicles;architecture;cyber-physical-systems;open-source;real-time systems;trusted apps},
}

@inproceedings{vbajpai:networking:2015,
  author    = {Vaibhav Bajpai and
               J{\"{u}}rgen Sch{\"{o}}nw{\"{a}}lder},
  title     = {{IPv4 versus IPv6 - who connects faster?}},
  booktitle = {{IFIP} Networking Conference},
  year      = {2015},
  url       = {http://dx.doi.org/10.1109/IFIPNetworking.2015.7145323},
  note      = {\url{http://dx.doi.org/10.1109/IFIPNetworking.2015.7145323}},
  doi       = {10.1109/IFIPNetworking.2015.7145323},
  timestamp = {Tue, 07 Jul 2015 20:10:33 +0200},
  biburl    = {http://dblp.uni-trier.de/rec/bib/conf/networking/BajpaiS15},
  bibsource = {dblp computer science bibliography, http://dblp.org}
}

@inproceedings{sahsan:pam:2015,
  author    = {Saba Ahsan and
               Vaibhav Bajpai and
               J{\"{o}}rg Ott and
               J{\"{u}}rgen Sch{\"{o}}nw{\"{a}}lder},
  title     = {{Measuring YouTube from Dual-Stacked Hosts}},
  booktitle = {Passive and Active Measurement Conference ({PAM})},
  year      = {2015},
  crossref  = {DBLP:conf/pam/2015},
  url       = {http://dx.doi.org/10.1007/978-3-319-15509-8_19},
  doi       = {10.1007/978-3-319-15509-8_19},
  timestamp = {Thu, 03 Sep 2015 11:21:30 +0200},
  biburl    = {http://dblp.uni-trier.de/rec/bib/conf/pam/AhsanBOS15},
  bibsource = {dblp computer science bibliography, http://dblp.org}
}

@inproceedings{vbajpai:anrw:2016,
 author = {Bajpai, Vaibhav and Sch\"{o}nw\"{a}lder, J\"{u}rgen},
 title = {{Measuring the Effects of Happy Eyeballs}},
 booktitle = {Applied Networking Research Workshop ({ANRW})},
 series = {ANRW '16},
 year = {2016},
 isbn = {978-1-4503-4443-2},
 location = {Berlin, Germany},
 pages = {38--44},
 numpages = {7},
 url = {http://doi.acm.org/10.1145/2959424.2959429},
 doi = {10.1145/2959424.2959429},
 acmid = {2959429},
 publisher = {ACM},
 address = {New York, NY, USA},
 keywords = {Happy Eyeballs, IPv6, SamKnows},
}

@inproceedings{seravuchira:cnsm:2016,
  author    = {Steffie Jacob Eravuchira and
               Vaibhav Bajpai and
               Jürgen Schönwälder and
               Sam Crawford},
  title     = {{Measuring Web Similarity from Dual-stacked Hosts}},
  booktitle = {Conference on Network and Service Management ({CNSM})},
  location  = {Montreal, Canada},
  year      = {2016},
}

@article{vbajpai:comst:2015,
  author    = {Vaibhav Bajpai and
               J{\"{u}}rgen Sch{\"{o}}nw{\"{a}}lder},
  title     = {{A Survey on Internet Performance Measurement Platforms and Related
               Standardization Efforts}},
  journal   = {{IEEE} Communications Surveys and Tutorials},
  volume    = {17},
  number    = {3},
  pages     = {1313--1341},
  year      = {2015},
  url       = {http://dx.doi.org/10.1109/COMST.2015.2418435},
  doi       = {10.1109/COMST.2015.2418435},
  timestamp = {Wed, 26 Aug 2015 16:23:33 +0200},
  biburl    = {http://dblp.uni-trier.de/rec/bib/journals/comsur/BajpaiS15},
  bibsource = {dblp computer science bibliography, http://dblp.org}
}

@techreport{draft-ietf-quic-transport,
  author =      "Janardhan Iyengar and Martin Thomson",
  title =       "{QUIC: A UDP-Based Multiplexed and Secure Transport}",
  number =      "draft-ietf-quic-transport-01",
  type =        "Internet-Draft",
  institution =	"Internet Engineering Task Force",
  publisher =   "Internet Engineering Task Force",
  note =        "Work in Progress",
  url =         "http://tools.ietf.org/html/draft-ietf-quic-transport-01",
  year =        "2017",
  month =       jan,
  days =        "14"
}

@inproceedings{wkellerer:conext:2015,
  author    = {Raphael Durner and
               Wolfgang Kellerer},
  title     = {{The cost of Security in the SDN control Plane}},
  booktitle = {CoNEXT Student Workhop},
  year      = {2015},
}

@inproceedings{wkellerer:infocom:2016,
  author    = {Wolfgang Kellerer and
               Arsany Basta and
               Andreas Blenk},
  title     = {Using a {F}lexibility {M}easure for {N}etwork {D}esign {S}pace {A}nalysis of {SDN} and {NFV}},
  booktitle = {{IEEE} {INFOCOM} Workshop},
  pages     = {423--428},
  year      = {2016},
  crossref  = {DBLP:conf/infocom/2016w},
  url       = {http://dx.doi.org/10.1109/INFCOMW.2016.7562114},
  doi       = {10.1109/INFCOMW.2016.7562114},
  timestamp = {Wed, 14 Sep 2016 10:54:14 +0200},
  biburl    = {http://dblp.uni-trier.de/rec/bib/conf/infocom/KellererBB16},
  bibsource = {dblp computer science bibliography, http://dblp.org}
}

@techreport{draft-trammell-post-sockets,
  author =      "Brian Trammell and Colin Perkins and Tommy Pauly and Mirja Kühlewind",
  title =       "{Post Sockets, An Abstract Programming Interface for the Transport Layer}",
  number =      "draft-trammell-post-sockets-00",
  type =        "Internet-Draft",
  institution =	"Internet Engineering Task Force",
  publisher =   "Internet Engineering Task Force",
  note =        "Work in Progress",
  url =         "http://tools.ietf.org/html/draft-trammell-post-sockets-00",
  year =        "2016",
  month =       oct,
  days =        "27"
}

@inproceedings{pemmerich:imc:2015,
  author    = {Paul Emmerich and
               Sebastian Gallenm{\"{u}}ller and
               Daniel Raumer and
               Florian Wohlfart and
               Georg Carle},
  title     = {{MoonGen: {A} Scriptable High-Speed Packet Generator}},
  booktitle = {{ACM} Internet Measurement Conference, {IMC}},
  pages     = {275--287},
  year      = {2015},
  crossref  = {DBLP:conf/imc/2015},
  url       = {http://doi.acm.org/10.1145/2815675.2815692},
  doi       = {10.1145/2815675.2815692},
  timestamp = {Fri, 30 Oct 2015 07:48:05 +0100},
  biburl    = {http://dblp.uni-trier.de/rec/bib/conf/imc/EmmerichGRWC15},
  bibsource = {dblp computer science bibliography, http://dblp.org}
}

@inproceedings{draumer:anrw:2016,
 author = {Raumer, Daniel and Gallenm\"{u}ller, Sebastian and Wohlfart, Florian and Emmerich, Paul and Werneck, Patrick and Carle, Georg},
 title = {{Revisiting Benchmarking Methodology for Interconnect Devices}},
 booktitle = {Applied Networking Research Workshop ({ANRW})},
 series = {ANRW '16},
 year = {2016},
 isbn = {978-1-4503-4443-2},
 numpages = {7},
 url = {http://doi.acm.org/10.1145/2959424.2959430},
 doi = {10.1145/2959424.2959430},
 acmid = {2959430},
 publisher = {ACM},
 keywords = {Benchmarking methodology, RFC 2544},
}

@ARTICLE{ablenk:comst:2015,
author={A. Blenk and A. Basta and M. Reisslein and W. Kellerer},
journal={IEEE Communications Surveys Tutorials},
title={{Survey on Network Virtualization Hypervisors for Software Defined Networking}},
year={2016},
volume={18},
number={1},
pages={655-685},
keywords={Network topology;Protocols;Software;Topology;Tutorials;Virtual machine monitors;Virtualization;Centralized hypervisor;Distributed hypervisor;Multi-tenancy;Network attribute abstraction;Network attribute isolation;Network virtualization;Software defined networking},
doi={10.1109/COMST.2015.2489183},
ISSN={1553-877X},
month={Firstquarter},}

@inproceedings{ablenk:im:2015,
  author    = {Andreas Blenk and
               Arsany Basta and
               Wolfgang Kellerer},
  title     = {{HyperFlex: An {SDN} Virtualization Architecture with Flexible Hypervisor
               Function Allocation}},
  booktitle = {IFIP/IEEE International Symposium on Integrated Network Management ({IM})},
  year      = {2015},
  crossref  = {DBLP:conf/im/2015},
  url       = {http://dx.doi.org/10.1109/INM.2015.7140316},
  doi       = {10.1109/INM.2015.7140316},
  timestamp = {Tue, 07 Jul 2015 13:19:59 +0200},
  biburl    = {http://dblp.uni-trier.de/rec/bib/conf/im/BlenkBK15},
  bibsource = {dblp computer science bibliography, http://dblp.org}
}

@inproceedings{kyasukata:atc:2016,
  author    = {Kenichi Yasukata and
               Michio Honda and
               Douglas Santry and
               Lars Eggert},
  title     = {{StackMap: Low-Latency Networking with the {OS} Stack and Dedicated NICs}},
  booktitle = {{USENIX} Annual Technical Conference ({USENIX ATC})},
  pages     = {43--56},
  year      = {2016},
  crossref  = {DBLP:conf/usenix/2016},
  url       = {https://www.usenix.org/conference/atc16/technical-sessions/presentation/yasukata},
  timestamp = {Fri, 08 Jul 2016 13:33:39 +0200},
  biburl    = {http://dblp.uni-trier.de/rec/bib/conf/usenix/YasukataHSE16},
  bibsource = {dblp computer science bibliography, http://dblp.org}
}

@inproceedings{ilearmonth:anrw:2016,
 author = {Learmonth, Iain R. and Trammell, Brian and Kühlewind, Mirja and Fairhurst, Gorry},
 title = {{PATHspider: A Tool for Active Measurement of Path Transparency}},
 booktitle = {Applied Networking Research Workshop ({ANRW})},
 series = {ANRW '16},
 year = {2016},
 isbn = {978-1-4503-4443-2},
 pages = {62--64},
 numpages = {3},
 url = {http://doi.acm.org/10.1145/2959424.2959441},
 doi = {10.1145/2959424.2959441},
 acmid = {2959441},
 publisher = {ACM},
 keywords = {active network measurement, measurement tools, network experimentation, path transparency, transport protocol features},
}

@misc{rfc7540,
  author="M. Belshe and R. Peon and M. Thomson",
  title="{Hypertext Transfer Protocol Version 2 (HTTP/2)}",
  series="Request for Comments",
  number="7540",
  howpublished="RFC 7540 (Proposed Standard)",
  publisher="IETF",
  organization="Internet Engineering Task Force",
  year=2015,
  month=may,
    url="http://www.ietf.org/rfc/rfc7540.txt",
}

@article{qscheitle:arxiv:2016,
  author    = {Quirin Scheitle and
               Oliver Gasser and
               Minoo Rouhi and
               Georg Carle},
  title     = {{Large-Scale Classification of IPv4-IPv6 Siblings with Nonlinear Clock Skew}},
  journal   = {CoRR},
  volume    = {abs/1610.07251},
  year      = {2016},
  url       = {http://arxiv.org/abs/1610.07251},
  timestamp = {Wed, 02 Nov 2016 09:51:26 +0100},
  biburl    = {http://dblp.uni-trier.de/rec/bib/journals/corr/ScheitleGRC16},
  bibsource = {dblp computer science bibliography, http://dblp.org}
}

@article{pnikander:comst:2010,
  author    = {Pekka Nikander and
               Andrei V. Gurtov and
               Thomas R. Henderson},
  title     = {{Host Identity Protocol {(HIP):} Connectivity, Mobility, Multi-Homing,
               Security, and Privacy over IPv4 and IPv6 Networks}},
  journal   = {{IEEE} Communications Surveys and Tutorials},
  volume    = {12},
  number    = {2},
  pages     = {186--204},
  year      = {2010},
  url       = {http://dx.doi.org/10.1109/SURV.2010.021110.00070},
  doi       = {10.1109/SURV.2010.021110.00070},
  timestamp = {Wed, 11 May 2016 19:30:01 +0200},
  biburl    = {http://dblp.uni-trier.de/rec/bib/journals/comsur/NikanderGH10},
  bibsource = {dblp computer science bibliography, http://dblp.org}
}

@misc{rfc4960,
  author="R. Stewart",
  title="{Stream Control Transmission Protocol}",
  series="Request for Comments",
  number="4960",
  howpublished="RFC 4960",
  publisher="IETF",
  organization="Internet Engineering Task Force",
  year=2007,
  month=sep,
  note="Updated by RFCs 6096, 6335, 7053",
  url="http://www.ietf.org/rfc/rfc4960.txt",
}

@techreport{draft-iab-protocol-transitions,
  author =      "Dave Thaler",
  title =       "{Out With the Old and In With the New: Planning for Protocol Transitions}",
  number =      "draft-iab-protocol-transitions-05",
  type =        "Internet-Draft",
  institution =	"Internet Engineering Task Force",
  publisher =   "Internet Engineering Task Force",
  note =        "Work in Progress",
  url =         "http://tools.ietf.org/html/draft-iab-protocol-transitions-05",
  year =        "2017",
  month =       jan,
  days =        "04"
}

@inproceedings{sgallenmuller:ancs:2015,
  author    = {Sebastian Gallenm{\"{u}}ller and
               Paul Emmerich and
               Florian Wohlfart and
               Daniel Raumer and
               Georg Carle},
  booktitle = {{ACM/IEEE Symposium on Architectures for Networking and Communications Systems (ANCS 2015)}},
  title     = {Comparison of {F}rameworks for {H}igh-{P}erformance {P}acket {IO}},
  series = {ANCS '15},
  location = {Oakland, California, USA},
  pages     = {29--38},
  year      = {2015},
  crossref  = {DBLP:conf/ancs/2015},
  url       = {http://dx.doi.org/10.1109/ANCS.2015.7110118},
  isbn = {978-1-4673-6632-8},
  doi       = {10.1109/ANCS.2015.7110118},
  timestamp = {Wed, 27 Apr 2016 17:41:15 +0200},
  biburl    = {http://dblp.uni-trier.de/rec/bib/conf/ancs/GallenmullerEWR15},
  bibsource = {dblp computer science bibliography, http://dblp.org},
  acmid = {2772729},
  numpages = {10},
  publisher = {IEEE Computer Society},
  address = {Washington, DC, USA},
  keywords = {dpdk, netmap, performance measurement, pf_ring zc, software packet processing}
}

@inproceedings{draumer:cloudnet:2016,
  author    = {Daniel Raumer and
               Sebastian Gallenm{\"{u}}ller and
               Paul Emmerich and
               Lukas Mardian and
               Georg Carle},
  title     = {{Efficient Serving of {VPN} Endpoints on {COTS} Server Hardware}},
  booktitle = {IEEE International Conference on Cloud Networking (Cloudnet)},
  pages     = {164--169},
  year      = {2016},
  crossref  = {DBLP:conf/cloudnet/2016},
  url       = {http://dx.doi.org/10.1109/CloudNet.2016.25},
  doi       = {10.1109/CloudNet.2016.25},
  timestamp = {Tue, 13 Dec 2016 13:13:10 +0100},
  biburl    = {http://dblp.uni-trier.de/rec/bib/conf/cloudnet/RaumerGEMC16},
  bibsource = {dblp computer science bibliography, http://dblp.org}
}

@inproceedings{dsel:mcsp:2016,
  author    = {Daniel Sel and
               Sree Harsha Totakura and
               Georg Carle},
  title     = {{sKnock: Port-Knocking for Masses}},
  booktitle = {{IEEE} Symposium on Reliable Distributed Systems Workshops ({SRDSW})},
  year      = {2016},
  crossref  = {DBLP:conf/srds/2016w},
  url       = {http://dx.doi.org/10.1109/SRDSW.2016.11},
  doi       = {10.1109/SRDSW.2016.11},
  timestamp = {Mon, 02 Jan 2017 15:41:12 +0100},
  biburl    = {http://dblp.uni-trier.de/rec/bib/conf/srds/SelTC16},
  bibsource = {dblp computer science bibliography, http://dblp.org}
}

@inproceedings{ablenk:cnsm:2016,
  author    = {Andreas Blenk and
               Patrick Kalmbach and
               Patrick van der Smagt and
               Wolfgang Kellerer},
  title     = {{Boost Online Virtual Network Embedding: Using Neural Networks for Admission Control}},
  booktitle = {Conference on Network and Service Management ({CNSM})},
  pages     = {10--18},
  year      = {2016},
  crossref  = {DBLP:conf/cnsm/2016},
  url       = {http://dx.doi.org/10.1109/CNSM.2016.7818395},
  doi       = {10.1109/CNSM.2016.7818395},
  timestamp = {Mon, 23 Jan 2017 15:04:39 +0100},
  biburl    = {http://dblp.uni-trier.de/rec/bib/conf/cnsm/BlenkKSK16},
  bibsource = {dblp computer science bibliography, http://dblp.org}
}

@article{ablenk:comst:2016,
  author    = {Andreas Blenk and
               Arsany Basta and
               Martin Reisslein and
               Wolfgang Kellerer},
  title     = {{Survey on Network Virtualization Hypervisors for Software Defined
               Networking}},
  journal   = {{IEEE} Communications Surveys and Tutorials},
  volume    = {18},
  number    = {1},
  pages     = {655--685},
  year      = {2016},
  url       = {http://dx.doi.org/10.1109/COMST.2015.2489183},
  doi       = {10.1109/COMST.2015.2489183},
  timestamp = {Wed, 03 Feb 2016 18:18:55 +0100},
  biburl    = {http://dblp.uni-trier.de/rec/bib/journals/comsur/BlenkBRK16},
  bibsource = {dblp computer science bibliography, http://dblp.org}
}

@inproceedings{abasta:cnsm:2015,
  author    = {Arsany Basta and
               Andreas Blenk and
               Hassib Belhaj Hassine and
               Wolfgang Kellerer},
  title     = {{Towards a dynamic {SDN} virtualization layer: Control path migration protocol}},
  booktitle = {Conference on Network and Service Management ({CNSM})},
  pages     = {354--359},
  year      = {2015},
  crossref  = {DBLP:conf/cnsm/2015},
  url       = {http://dx.doi.org/10.1109/CNSM.2015.7367382},
  doi       = {10.1109/CNSM.2015.7367382},
  timestamp = {Fri, 08 Jan 2016 13:18:01 +0100},
  biburl    = {http://dblp.uni-trier.de/rec/bib/conf/cnsm/BastaBHK15},
  bibsource = {dblp computer science bibliography, http://dblp.org}
}

@article{ablenk:tnsm:2016,
  author    = {Andreas Blenk and
               Arsany Basta and
               Johannes Zerwas and
               Martin Reisslein and
               Wolfgang Kellerer},
  title     = {{Control Plane Latency With {SDN} Network Hypervisors: The Cost of
               Virtualization}},
  journal   = {{IEEE} Trans. Network and Service Management},
  volume    = {13},
  number    = {3},
  pages     = {366--380},
  year      = {2016},
  month={Sept},
  url       = {http://dx.doi.org/10.1109/TNSM.2016.2587900},
  doi       = {10.1109/TNSM.2016.2587900},
  timestamp = {Thu, 06 Oct 2016 15:38:34 +0200},
  biburl    = {http://dblp.uni-trier.de/rec/bib/journals/tnsm/BlenkBZRK16},
  bibsource = {dblp computer science bibliography, http://dblp.org},
  ISSN={1932-4537}
}

@inproceedings{abasta:im:2015,
  author    = {Arsany Basta and
               Andreas Blenk and
               Yu{-}Ting Lai and
               Wolfgang Kellerer},
  title     = {{HyperFlex: Demonstrating Control-Plane Isolation for Virtual Software-Defined Networks}},
  booktitle = {International Symposium on Integrated Network Management ({IM})},
  year      = {2015},
  crossref  = {DBLP:conf/im/2015},
  url       = {http://dx.doi.org/10.1109/INM.2015.7140460},
  doi       = {10.1109/INM.2015.7140460},
  timestamp = {Tue, 07 Jul 2015 13:19:59 +0200},
  biburl    = {http://dblp.uni-trier.de/rec/bib/conf/im/BastaBLK15},
  bibsource = {dblp computer science bibliography, http://dblp.org}
}

@article{lschiff:ccr:2016,
  author    = {Liron Schiff and
               Stefan Schmid and
               Petr Kuznetsov},
  title     = {{In-Band Synchronization for Distributed {SDN} Control Planes}},
  journal   = {Computer Communication Review},
  volume    = {46},
  number    = {1},
  pages     = {37--43},
  year      = {2016},
  url       = {http://doi.acm.org/10.1145/2875951.2875957},
  doi       = {10.1145/2875951.2875957},
  timestamp = {Mon, 01 Feb 2016 12:13:48 +0100},
  biburl    = {http://dblp.uni-trier.de/rec/bib/journals/ccr/SchiffSK16},
  bibsource = {dblp computer science bibliography, http://dblp.org}
}

@inproceedings{yliu:icc:2015,
  author    = {Yalin Liu and
               Artur Hecker and
               Riccardo Guerzoni and
               Zoran Despotovic and
               Sergio Beker},
  title     = {On optimal hierarchical {SDN}},
  booktitle = {{IEEE} International Conference on Communications ({ICC})},
  year      = {2015},
  crossref  = {DBLP:conf/icc/2015},
  url       = {http://dx.doi.org/10.1109/ICC.2015.7249178},
  doi       = {10.1109/ICC.2015.7249178},
  timestamp = {Mon, 14 Sep 2015 14:40:28 +0200},
  biburl    = {http://dblp.uni-trier.de/rec/bib/conf/icc/LiuHGDB15},
  bibsource = {dblp computer science bibliography, http://dblp.org}
}

@inproceedings{lschiff:dsn:2016,
  author    = {Liron Schiff and
               Stefan Schmid and
               Marco Canini},
  title     = {{Ground Control to Major Faults: Towards a Fault Tolerant and Adaptive
               {SDN} Control Network}},
  booktitle = {46th Annual {IEEE/IFIP} International Conference on Dependable Systems
               and Networks Workshops},
  pages     = {90--96},
  year      = {2016},
  crossref  = {DBLP:conf/dsn/2016w},
  url       = {http://dx.doi.org/10.1109/DSN-W.2016.48},
  doi       = {10.1109/DSN-W.2016.48},
  timestamp = {Tue, 11 Oct 2016 14:33:45 +0200},
  biburl    = {http://dblp.uni-trier.de/rec/bib/conf/dsn/SchiffSC16},
  bibsource = {dblp computer science bibliography, http://dblp.org}
}
